<?xml version="1.0" encoding="UTF-8"?><collection xmlns="http://www.loc.gov/MARC21/slim"><record><leader>00378nam--2200133-i-4500</leader><controlfield tag="001">000010201</controlfield><controlfield tag="002">20161230</controlfield><controlfield tag="005">20161230201028</controlfield><controlfield tag="008">060222s1000------------r-----000-0-eng-d</controlfield><datafield ind1=" " ind2=" " tag="080"><subfield code="a">621.375.826:015</subfield></datafield><datafield ind1=" " ind2=" " tag="100"><subfield code="a">Casperson, Lee Wendel</subfield></datafield><datafield ind1=" " ind2=" " tag="245"><subfield code="a">Modes and spectra of high gain lasers. thesis</subfield></datafield><datafield ind1=" " ind2=" " tag="260"><subfield code="a">An Arbor, Michigan, University Microfilms,1971 Vii + 323 P</subfield></datafield><datafield ind1=" " ind2=" " tag="852"><subfield code="a">37080</subfield></datafield></record></collection>